% Encoding: UTF-8

@Unpublished{,
  title = {每种语言都有谐音和歧义，为什么唯独中文有这么多象征和禁忌},
  url   = {https://www.sohu.com/a/229139127_563934},
}

@Article{,
  title = {中国有很多忌讳，你们那里都忌讳什么},
  url   = {http://baijiahao.baidu.com/s?id=1598772693540609620&wfr=spider&for=pc },
}

@Comment{jabref-meta: databaseType:bibtex;}
